<record><leader>00000cas a22000007a 4500</leader><controlfield tag="001">15997481</controlfield><controlfield tag="008">870618d19301988iauwr ne      0    0eng d</controlfield><datafield ind1=" " ind2=" " tag="010"><subfield code="a">sn 88059232 </subfield></datafield><datafield ind1=" " ind2=" " tag="040"><subfield code="a">INP</subfield><subfield code="b">eng</subfield><subfield code="c">INP</subfield><subfield code="d">OCLCQ</subfield></datafield><datafield ind1=" " ind2=" " tag="042"><subfield code="a">msc</subfield></datafield><datafield ind1="0" ind2="4" tag="245"><subfield code="a">The Manchester Democrat-radio.</subfield></datafield><datafield ind1="3" ind2="0" tag="246"><subfield code="a">Democrat radio</subfield></datafield><datafield ind1="1" ind2="3" tag="246"><subfield code="a">Manchester Democrat and the Delaware County radio</subfield></datafield><datafield ind1=" " ind2=" " tag="260"><subfield code="a">Manchester, Iowa :</subfield><subfield code="b">[Manchester Democrat-Radio Co.],</subfield><subfield code="c">1930-1988.</subfield></datafield><datafield ind1=" " ind2=" " tag="300"><subfield code="a">v.</subfield></datafield><datafield ind1=" " ind2=" " tag="310"><subfield code="a">Weekly</subfield></datafield><datafield ind1="0" ind2=" " tag="362"><subfield code="a">Vol. 56, no. 45 (Nov. 4, 1930)-[no. 2903] (June 6, 1988).</subfield></datafield><datafield ind1=" " ind2=" " tag="500"><subfield code="a">Issue for Nov. 4, 1930, called sample copy.</subfield></datafield><datafield ind1=" " ind2=" " tag="500"><subfield code="a">Publisher varies.</subfield></datafield><datafield ind1=" " ind2=" " tag="500"><subfield code="a">Includes weekly section called: Ryan reporter, &lt;Nov. 30, 1954&gt;-1988.</subfield></datafield><datafield ind1=" " ind2=" " tag="515"><subfield code="a">Numbering extremely irregular; numbering for June 6, 1988 issue taken from publisher's statement.</subfield></datafield><datafield ind1=" " ind2=" " tag="515"><subfield code="a">Issues for Nov. 11, 1930-Jan. 8, 1952 all called also v. 6 in continuation of Delaware County radio's numbering system.</subfield></datafield><datafield ind1=" " ind2=" " tag="752"><subfield code="a">United States</subfield><subfield code="b">Iowa</subfield><subfield code="c">Delaware</subfield><subfield code="d">Manchester.</subfield></datafield><datafield ind1=" " ind2=" " tag="752"><subfield code="a">United States</subfield><subfield code="b">Iowa</subfield><subfield code="c">Delaware</subfield><subfield code="d">Ryan.</subfield></datafield><datafield ind1="0" ind2=" " tag="777"><subfield code="t">Manchester press</subfield><subfield code="w">(DLC)sn 84027202</subfield></datafield><datafield ind1="0" ind2="4" tag="780"><subfield code="t">Delaware County radio</subfield></datafield><datafield ind1="0" ind2="4" tag="780"><subfield code="t">Manchester Democrat (Manchester, Iowa)</subfield><subfield code="w">(DLC)sn 84038306</subfield></datafield><datafield ind1="0" ind2="4" tag="785"><subfield code="t">Manchester press</subfield><subfield code="w">(DLC)sn 84027202</subfield><subfield code="g">June 14, 1988</subfield></datafield><datafield ind1="1" ind2=" " tag="787"><subfield code="t">Ryan reporter</subfield></datafield></record>